<record><leader>00000cas a22000007a 4500</leader><controlfield tag="001">21719022</controlfield><controlfield tag="008">900606d188u1884gauwr ne      0    0eng d</controlfield><datafield ind1=" " ind2=" " tag="010"><subfield code="a">sn 90052246 </subfield></datafield><datafield ind1=" " ind2=" " tag="040"><subfield code="a">NLG</subfield><subfield code="b">eng</subfield><subfield code="c">NLG</subfield><subfield code="d">GUA</subfield><subfield code="d">OCLCQ</subfield><subfield code="d">OCLCF</subfield><subfield code="d">OCLCO</subfield></datafield><datafield ind1="1" ind2=" " tag="029"><subfield code="a">AU@</subfield><subfield code="b">000025856433</subfield></datafield><datafield ind1=" " ind2=" " tag="042"><subfield code="a">msc</subfield></datafield><datafield ind1=" " ind2=" " tag="043"><subfield code="a">n-us-ga</subfield></datafield><datafield ind1="0" ind2=" " tag="130"><subfield code="a">New South (Elberton, Ga.)</subfield></datafield><datafield ind1="1" ind2="4" tag="245"><subfield code="a">The New South.</subfield></datafield><datafield ind1=" " ind2=" " tag="260"><subfield code="a">Elberton, Ga. :</subfield><subfield code="b">Elberton Pub. Co.</subfield></datafield><datafield ind1=" " ind2=" " tag="300"><subfield code="a">v.</subfield></datafield><datafield ind1=" " ind2=" " tag="310"><subfield code="a">Weekly</subfield></datafield><datafield ind1="1" ind2=" " tag="362"><subfield code="a">Ceased in 1884?</subfield></datafield><datafield ind1=" " ind2=" " tag="530"><subfield code="a">Also on microfilm: Athens, Ga. : University of Georgia Libraries.</subfield></datafield><datafield ind1=" " ind2=" " tag="588"><subfield code="a">Description based on: Vol. 2, no. 42 (Mar. 14, 1883).</subfield></datafield><datafield ind1=" " ind2="0" tag="651"><subfield code="a">Elberton (Ga.)</subfield><subfield code="v">Newspapers.</subfield></datafield><datafield ind1=" " ind2="0" tag="651"><subfield code="a">Elbert County (Ga.)</subfield><subfield code="v">Newspapers.</subfield></datafield><datafield ind1=" " ind2="7" tag="655"><subfield code="a">Newspapers.</subfield><subfield code="2">fast</subfield><subfield code="0">(OCoLC)fst01423814</subfield></datafield><datafield ind1=" " ind2="7" tag="651"><subfield code="a">Georgia</subfield><subfield code="z">Elbert County.</subfield><subfield code="2">fast</subfield><subfield code="0">(OCoLC)fst01206959</subfield></datafield><datafield ind1=" " ind2="7" tag="651"><subfield code="a">Georgia</subfield><subfield code="z">Elberton.</subfield><subfield code="2">fast</subfield><subfield code="0">(OCoLC)fst01227276</subfield></datafield><datafield ind1=" " ind2=" " tag="752"><subfield code="a">United States</subfield><subfield code="b">Georgia</subfield><subfield code="c">Elbert</subfield><subfield code="d">Elberton.</subfield></datafield><datafield ind1="0" ind2="0" tag="780"><subfield code="t">Elberton gazette-news</subfield></datafield><datafield ind1="0" ind2="0" tag="785"><subfield code="t">Gazette (ELberton, Ga. : 1884)</subfield><subfield code="w">(DLC)sn 91099111</subfield><subfield code="w">(OCoLC)23242564</subfield></datafield></record>